@book{justQuantumComputingCompact2022,
  title = {Quantum {{Computing Compact}}: {{Spooky Action}} at a {{Distance}} and {{Teleportation Easy}} to {{Understand}}},
  shorttitle = {Quantum {{Computing Compact}}},
  author = {Just, Bettina},
  date = {2022},
  publisher = {Springer},
  location = {Berlin, Heidelberg},
  doi = {10.1007/978-3-662-65008-0},
  url = {https://link.springer.com/10.1007/978-3-662-65008-0},
  urldate = {2025-05-26},
  isbn = {978-3-662-65007-3 978-3-662-65008-0},
  langid = {english},
  keywords = {Bell's inequality,Experiments,illustrative explanation,Quantum,Quantum entanglement,Spooky action at a distance}
}
